
@BOOK{
	Papadimitriou04,
	AUTHOR = "Harry R Lewis and Chistos H Papadimitriou",
	TITLE = "Título do livro",
	PUBLISHER = "Bookman",
	YEAR = "2004",
	ADDRESS = "Porto Alegre",}

@MISC{
	BrainVoyager06,
	AUTHOR = "P Nettle",
	TITLE = "Título da URL",
	HOWPUBLISHED = "http://www.brainvoyager.com/",
  	YEAR = "2006",
  	NOTE = "(Acesso em 05 Janeiro 2006)",}
  
@ARTICLE{
	Heeger02,
	AUTHOR = "David Heeger and David Ress",
	TITLE = "Título do artigo",
	JOURNAL = "Nature Reviews/Neuroscience",
	VOLUME = "3",
	YEAR = "2002",
	PAGES = "142-151",}	
	
@ARTICLE{wagstaff2012machine,
  title={Machine learning that matters},
  author={Wagstaff, Kiri},
  journal={arXiv preprint arXiv:1206.4656},
  year={2012}
}
	
@MISC{
	AWS,
	TITLE = "Amazon Web Services",
	PUBLISHER = "AWS",
	HOWPUBLISHED = "Acessado em 6 de março de 2019, https://aws.amazon.com/pt/products/"
	}	
	
@MISC{
	AWSpay,
	TITLE = "AWS Pricing",
	PUBLISHER = "AWS",
	HOWPUBLISHED = "Acessado em 6 de março de 2019, https://aws.amazon.com/pricing/"
	}
	
@MISC{
	Slurm,
	TITLE = "Slurm Workload Manager",
	PUBLISHER = "SchedMD",
	HOWPUBLISHED = "[Software], Acessado em 6 de março de 2019, https://slurm.schedmd.com/",}
	
@MISC{
	Crontab,
	TITLE = "crontab - schedule periodic background work - Commands and Utilities Reference",
	PUBLISHER = "The Single UNIX Specification",
	HOWPUBLISHED = "[Software], Acessado em 6 de março de 2019, https://pubs.opengroup.org/onlinepubs/9699919799/utilities/crontab.html",}
	
@MISC{
	Django,
	TITLE = "Django",
	PUBLISHER = "Django Software Foundation",
	YEAR = "2018",
	HOWPUBLISHED = "[Software], Acessado em 6 de março de 2019, https://www.djangoproject.com/"}
	
@ARTICLE{
	Bishop,
	AUTHOR = "Bishop, C. M.",
	TITLE = "Pattern Recognition and Machine Learning",
	JOURNAL = "Springer",
	VOLUME = "ISBN 978-0-387-31073-2",
	YEAR = "2006",}	
	
@INPROCEEDINGS{
   Canguilhem80,
   AUTHOR = {Georges Canguilhem},
   TITLE = {Título do artigo em proceeding},
   BOOKTITLE = {Georges Canguilhem - Philosophe, historien des sciences: Actes du Colloque},
   YEAR = {1993},
   ISBN = {2226062017},
   PAGES = {11-33},
   ADDRESS = {Paris},
   PUBLISHER = {Albin Michel},}
   
@MASTERSTHESIS{
  Fulano03,
  AUTHOR = "Jorge Fulano",
	TITLE = "Título da dissertação de mestrado",
	SCHOOL = "Universidade Federal do Rio de Janeiro",
	YEAR = "2003",
	MONTH = "Julho",}
	
@INBOOK{
	Beltrano99,
	AUTHOR = "Mauro Beltrano",
	EDITOR = "M J Zigmond",
	TITLE = "Título do livro onde se consultou um capítulo",
	PUBLISHER = "Academic Press",
	CHAPTER = "Membrane potential and action potential",
	PAGES = "129-154",
	YEAR = "1999",
	ADDRESS = "New York",}

@TECHREPORT{
	Meyer97,
	AUTHOR = "D E Meyer and D E Kieras",
	TITLE = "Título da nota tecnica",
	INSTITUTION = "Department of Psychology, Electrical Engineering \& computer Science Department",
	ADDRESS = "University of Michigan",
	NUMBER = "TR-97/ONR-EPIC-08",
	YEAR = "1997",}
	
@MISC{
	StackSurvey18,
	AUTHOR = {{\relax The Stack Overflow Network}},
	TITLE = "Stack Overflow Annual Developer Survey",
	PUBLISHER = "Stack Exchange",
	HOWPUBLISHED = "[Arquivo de dados], Acessado em 6 de março de 2019, https://insights.stackoverflow.com/survey"}